@Book{vanagaite2017jis,
author = {Rūta Vanagaitė},
title = {Jis},
publisher = {Alma Littera},
year = {2017},

}
\usepackage[utf8]{inputenc}
\usepackage[L7x]{fontenc}
\usepackage[lithuanian]{babel}

@article{lorber2001gender,
  title={Gender inequality},
  author={Lorber, Judith},
  journal={Los Angeles, CA: Roxbury},
  year={2001}
}

@article{saule2011lytys,
  title={Lyčių stereotipai socialiniame darbe su socialinės rizikos šeimomis},
  author={Rutkauskienė, Saulė ir Gudliauskaitė, Jūratė},
  journal={Druskininkų savivaldybės socialinių paslaugų centras},
  pages={71--87},
  year={2011}
}

@article{virginija2015ka,
  title={Ką atskleidžia moterų ir vyrų lygybės įmonėje vertinimas? Kaip priimti lyčių lygybės iššūkius darbovietėje?},
  author={Virginija Šidlauskienė},
  journal={Šiaulių Universitetas},
  pages={32--49},
  year={2015}
}

@article{aiste2010moteru,
  title={Moterų padėtis Lietuvoje siekiant karjeros},
  author={Aistė Dromantienė - Stancikienė},
  journal={Mykolo Romerio universitetas Politikos ir vadybos fakulteto Vadybos katedra},
  pages={69--88},
  year={2010}
}
@article{maslauskiene2004globa,
  title={Lytis, globa ir kultūriniai gerovės kapitalizmo barjerai Lietuvoje},
  author={Aušra Maslauskaitė},
  journal={Mintis ir veiksmas},
  pages={69--88},
  year={2004}
}

@article{Reinikovaite1998zmogus,
  title={Lyčių vaidmenų stereotipų formavimas socializacijos procese},
  author={Inga Reinikovaitė},
  journal={Žmogaus ugdymo problemos šiuolaikinėje visuomenėje},
  pages={53--59},
  year={1998}
}